<?xml version="1.0" encoding="UTF-8"?><collection xmlns="http://www.loc.gov/MARC21/slim"><record><leader>00557nam--2200169-i-4500</leader><controlfield tag="001">000036335</controlfield><controlfield tag="002">20161230</controlfield><controlfield tag="005">20161230201040</controlfield><controlfield tag="008">060222s1000------------r-----000-0-eng-d</controlfield><datafield ind1=" " ind2=" " tag="040"><subfield code="a">IFIN-HH</subfield></datafield><datafield ind1=" " ind2=" " tag="080"><subfield code="a">536.48</subfield></datafield><datafield ind1="1" ind2=" " tag="100"><subfield code="a">Pipes, Paul Bruce</subfield></datafield><datafield ind1="1" ind2="0" tag="245"><subfield code="a">Experiments with he3- he4 dilution refrigeration and their application to nuclear magnetic susceptibility measurements in solid he3</subfield><subfield code="b">Thesis</subfield><subfield code="c">Paul bruce pipes</subfield></datafield><datafield ind1=" " ind2=" " tag="260"><subfield code="a">Ann Arbor, Michigan</subfield><subfield code="b">University Microfilms</subfield><subfield code="c">1970</subfield></datafield><datafield ind1=" " ind2=" " tag="300"><subfield code="a">V+136P</subfield></datafield><datafield ind1=" " ind2=" " tag="852"><subfield code="a">36079</subfield><subfield code="c">536</subfield></datafield><datafield ind1=" " ind2=" " tag="CAT"><subfield code="a">Sys</subfield><subfield code="c">20110509</subfield><subfield code="h">120833</subfield></datafield></record></collection>